@article {Chochlik2010,
author="Chochl\'{i}k, Mat\'{u}\v{s}",
year="2010",
title="Generating Object Factory Classes with the Mirror Reflection Library",
journal="Journal of Information, Control and Management Systems",
volume="8",
number="2"
}

@article {Chochlik2012-JIOS,
author="Chochl\'{i}k, Mat\'{u}\v{s}",
year="2012",
title="Portable reflection for C++ with Mirror",
journal="Journal of Information and Organizational Sciences",
volume="35",
number="1",
pages="13-26"
}

@article {Chochlik-CAI,
author="Chochl\'{i}k, Mat\'{u}\v{s}",
year="2016",
title="Implementing the Factory pattern with the help of reflection",
journal="Computing and Informatics",
volume="35",
number="3",
pages="653-686"
}

@techreport {ISOCPP-N3814,
author="Snyder, Jeff and Carruth, Chandler",
year="2013",
organization="The C++ standard committee",
title="Call for Compile-Time Reflection Proposals",
number="N3814",
howpublished="\url{http://open-std.org/JTC1/SC22/WG21/docs/papers/2013/n3814.html}"
}

@techreport {ISOCPP-N4121,
author="Tomazos, Andrew",
year="2014",
organization="The C++ standard committee",
title="Compile-Time String: std::string\_literal",
number="N4121",
howpublished="\url{http://www.open-std.org/jtc1/sc22/wg21/docs/papers/2014/n4121.pdf}"
}

@techreport {ISOCPP-N4236,
author="Price, Michael",
year="2014",
organization="The C++ standard committee",
title="A compile-time string library template with UDL operator templates",
number="N4236",
howpublished="\url{http://www.open-std.org/jtc1/sc22/wg21/docs/papers/2014/n4236.html}"
}

@techreport {ISOCPP-N4519,
author="Douglas, Robert",
year="2015",
organization="The C++ standard committee",
title="Source-Code Information Capture",
number="N4519",
howpublished="\url{http://www.open-std.org/jtc1/sc22/wg21/docs/papers/2015/n4519.pdf}"
}


@techreport {Chochlik-N3996,
author="Chochl\'{i}k, Mat\'{u}\v{s}",
year="2014",
organization="The C++ standard committee",
type="Proposal for ISO/IEC JTC1 SC22 WG21",
title="Static reflection",
number="N3996",
howpublished="\url{https://isocpp.org/files/papers/n3996.pdf}"
}

@techreport {Chochlik-N4111,
author="Chochl\'{i}k, Mat\'{u}\v{s}",
year="2014",
organization="The C++ standard committee",
type="Proposal for ISO/IEC JTC1 SC22 WG21",
title="Static reflection (rev. 2)",
number="N4111",
howpublished="\url{http://www.open-std.org/jtc1/sc22/wg21/docs/papers/2014/n4111.pdf}",
}

@techreport {Chochlik-N4451,
author="Chochl\'{i}k, Mat\'{u}\v{s}",
year="2015",
organization="The C++ standard committee",
type="Proposal for ISO/IEC JTC1 SC22 WG21",
title="Static reflection (rev. 3)",
number="N4451",
howpublished="\url{http://www.open-std.org/jtc1/sc22/wg21/docs/papers/2015/n4451.pdf}",
}

@techreport {Chochlik-N4452,
author="Chochl\'{i}k, Mat\'{u}\v{s}",
year="2015",
organization="The C++ standard committee",
type="Proposal for ISO/IEC JTC1 SC22 WG21",
title="A case for strong static reflection",
number="N4452",
howpublished="\url{http://www.open-std.org/jtc1/sc22/wg21/docs/papers/2015/n4452.pdf}",
}

@techreport {Chochlik-P0194R0,
author="Chochl\'{i}k, Mat\'{u}\v{s} and Naumann, Axel",
year="2016",
organization="The C++ standard committee",
type="Proposal for ISO/IEC JTC1 SC22 WG21",
title="Static reflection (rev. 4)",
number="P0194R0",
howpublished="\url{http://kifri.fri.uniza.sk/~chochlik/reflexpr/P0194R0.pdf}",
}

@techreport {Chochlik-P0194R1,
author="Chochl\'{i}k, Mat\'{u}\v{s} and Naumann, Axel",
year="2016",
organization="The C++ standard committee",
type="Proposal for ISO/IEC JTC1 SC22 WG21",
title="Static reflection (rev. 5)",
number="P0194R1",
howpublished="\url{http://www.open-std.org/jtc1/sc22/wg21/docs/papers/2016/p0194r1.html}",
}

@techreport {Chochlik-P0385R1,
author="Chochl\'{i}k, Mat\'{u}\v{s}, Naumann, Axel and Sankel, David",
year="2016",
organization="The C++ standard committee",
type="Proposal for ISO/IEC JTC1 SC22 WG21",
title="Static reflection: rationale, design and evolution",
number="P0194R1",
howpublished="\url{http://www.open-std.org/jtc1/sc22/wg21/docs/papers/2016/p0385r1.pdf}",
}

@misc {Chochlik-Mirror-old-doc,
author="Chochl\'{i}k, Mat\'{u}\v{s}",
year="2012",
title="Mirror C++ reflection library documentation (previous version)",
howpublished="\url{http://kifri.fri.uniza.sk/~chochlik/mirror-lib/html/}",
}

@misc {Chochlik-Mirror-new-doc,
author="Chochl\'{i}k, Mat\'{u}\v{s}",
year="2016",
title="Mirror C++ reflection library documentation (current version)",
howpublished="\url{http://matus-chochlik.github.io/mirror/doc/html/}",
}

@misc {Chochlik-Mirror-new-repo,
author="Chochl\'{i}k, Mat\'{u}\v{s}",
year="2016",
title="Mirror C++ reflection library source repository (current version)",
howpublished="\url{https://github.com/matus-chochlik/mirror}",
}

@misc {ReflexprImplementation,
author="Chochl\'{i}k, Mat\'{u}\v{s}",
year="2016",
title="Github.com: Implementation of the reflexpr reflection operator.",
howpublished="\url{https://github.com/matus-chochlik/clang/tree/reflexpr}",
}

@misc {ClangGettingStarted,
title="Getting Started: Building and Running Clang,",
howpublished="\url{http://clang.llvm.org/get_started.html}",
}

